@online{SCv2Doc,
	title = {SugarCube v2 Documentation},
	url = {https://www.motoslave.net/sugarcube/2/docs/},
	titleaddon = {SugarCube v2 Documentation},
	author = {Thomas Michel Edwards},
	urldate = {2024-03-27},
	date = {2021-12-22},
}